% Encoding: UTF-8

@Book{Algorithm,
  author    = {Thomas H. Cormen},
  publisher = {The MIT Press},
  title     = {Introduction to Algorithms},
  year      = {2009},
  address   = {London},
}


@Misc{Euclides,
  author       = {{Khan Academy}},
  howpublished = {\url{https://es.khanacademy.org/computing/computer-science/cryptography/modarithmetic/a/the-euclidean-algorithm}},
  note         = {[Online; accessed 06-September-2022]},
  title        = {El algoritmo de Euclides},
  year         = {2020},
}

@Misc{CTemp,
  author       = {{drkbugs}},
  howpublished = {\url{https://www.drk.com.ar/qu%C3%A9-es-la-complejidad-temporal/}},
  note         = {[Online; accessed 25-October-2022]},
  title        = {¿Qué es la complejidad temporal?},
  year         = {2021},
}

@Misc{Fibonacci,
  author       = {{Wikipedia}},
  howpublished = {\url{https://es.wikipedia.org/wiki/Sucesi%C3%B3n_de_Fibonacci}},
  note         = {[Online; accessed 25-October-2022]},
  title        = {Sucesión de Fibonacci},
  year         = {2021},
}

@Misc{Perfect,
  author       = {{Valeria Superprof}},
  howpublished = {\url{https://www.superprof.mx/blog/utilidad-numeros-perfectos/}},
  note         = {[Online; accessed 25-October-2022]},
  title        = {Números perfectos: Qué son, cómo calcularlos y ejemplos},
  year         = {2022},
}