% Encoding: UTF-8

@Book{Algorithm,
  author    = {Thomas H. Cormen},
  publisher = {The MIT Press},
  title     = {Introduction to Algorithms},
  year      = {2009},
  address   = {London},
}

@Misc{DivideYVencerass,
  author       = {{Wikipedia}},
  howpublished = {\url{https://es.wikipedia.org/wiki/Algoritmo_divide_y_vencer%C3%A1s#:~:text=En%20las%20ciencias%20de%20la,de%20igual%20tipo%20o%20similar.}},
  note         = {[Online; accessed 11-December-2022]},
  title        = {Algoritmo divide y vencer√°s},
  year         = {2022},
}


@Misc{Strassen,
  author       = {{FrWIKI}},
  howpublished = {\url{https://es.frwiki.wiki/wiki/Algorithme_de_Strassen}},
  note         = {[Online; accessed 14-December-2022]},
  title        = {Algoritmo de Strassen},
  year         = {2022},
}

@Misc{TM,
  author       = {{Hmong}},
  howpublished = {\url{https://hmong.es/wiki/Master_theorem_(analysis_of_algorithms)}},
  note         = {[Online; accessed 13-December-2022]},
  title        = {Teorema Maestro},
  year         = {2022},
}
