% Encoding: UTF-8

@Book{Algorithm,
  author    = {Thomas H. Cormen},
  publisher = {The MIT Press},
  title     = {Introduction to Algorithms},
  year      = {2009},
  address   = {London},
}

@Misc{Dinamica,
  author       = {{Wikipedia}},
  howpublished = {\url{https://es.wikipedia.org/wiki/Programaci%C3%B3n_din%C3%A1mica}},
  note         = {[Online; accessed 27-December-2022]},
  title        = {Programacion Dinamica},
  year         = {2022},
}


@Misc{ProDina,
  author       = {{Historiadelaempresa}},
  howpublished = {\url{https://historiadelaempresa.com/programacion-dinamica}},
  note         = {[Online; accessed 27-December-2022]},
  title        = {¿Qué es la programación dinámica? (Métodos y ejemplos)},
  year         = {2022},
}


@Misc{Sub,
  author       = {{TECHIE DELIGHT}},
  howpublished = {\url{https://www.techiedelight.com/es/longest-common-subsequence/}},
  note         = {[Online; accessed 27-December-2022]},
  title        = {Problema de la subsecuencia común más larga},
  year         = {2022},
}


@Misc{Prim,
  author       = {{Complejidad Algoritmica}},
  howpublished = {\url{https://sites.google.com/site/complejidadalgoritmicaes/prim}},
  note         = {[Online; accessed 21-December-2022]},
  title        = {Algoritmo de Prim},
  year         = {2022},
}