% Encoding: UTF-8

@Book{Algorithm,
  author    = {Thomas H. Cormen},
  publisher = {The MIT Press},
  title     = {Introduction to Algorithms},
  year      = {2009},
  address   = {London},
}

@Misc{Greedy,
  author       = {{Wikipedia}},
  howpublished = {\url{https://es.wikipedia.org/wiki/Algoritmo_voraz#:~:text=En%20ciencias%20de%20la%20computaci%C3%B3n,a%20una%20soluci%C3%B3n%20general%20%C3%B3ptima.}},
  note         = {[Online; accessed 20-December-2022]},
  title        = {Algoritmo voraz},
  year         = {2022},
}


@Misc{Voraz,
  author       = {{Aprende-Olimpiada-Informatica}},
  howpublished = {\url{https://aprende.olimpiada-informatica.org/algoritmia-voraz}},
  note         = {[Online; accessed 20-December-2022]},
  title        = {Algoritmos Voraces},
  year         = {2022},
}


@Misc{Kruskal,
  author       = {{Complejidad Algoritmica}},
  howpublished = {\url{https://sites.google.com/site/complejidadalgoritmicaes/kruskal}},
  note         = {[Online; accessed 21-December-2022]},
  title        = {Algoritmo de Kruskal},
  year         = {2022},
}


@Misc{Prim,
  author       = {{Complejidad Algoritmica}},
  howpublished = {\url{https://sites.google.com/site/complejidadalgoritmicaes/prim}},
  note         = {[Online; accessed 21-December-2022]},
  title        = {Algoritmo de Prim},
  year         = {2022},
}