% Encoding: UTF-8

@Book{Algorithm,
  author    = {Thomas H. Cormen},
  publisher = {The MIT Press},
  title     = {Introduction to Algorithms},
  year      = {2009},
  address   = {London},
}


@Misc{iterativo,
  author       = {{Wikipedia}},
  howpublished = {\url{https://es.wikipedia.org/wiki/Algoritmo_iterativo#:~:text=Los%20algoritmos%20iterativos%20son%20algoritmos,para%20la%20realizaci%C3%B3n%20de%20iteraciones.}},
  note         = {[Online; accessed 07-November-2022]},
  title        = {Algoritmo iterativo},
  year         = {2020},
}

@Misc{recursivo,
  author       = {{Wikipedia}},
  howpublished = {\url{https://es.wikipedia.org/wiki/Recursi%C3%B3n_(ciencias_de_computaci%C3%B3n)}},
  note         = {[Online; accessed 07-November-2022]},
  title        = {Recursión (ciencias de computación)},
  year         = {2021},
}

@Misc{Fibonacci,
  author       = {{Wikipedia}},
  howpublished = {\url{https://es.wikipedia.org/wiki/Sucesi%C3%B3n_de_Fibonacci}},
  note         = {[Online; accessed 25-October-2022]},
  title        = {Sucesión de Fibonacci},
  year         = {2021},
}

@Misc{Perfect,
  author       = {{Valeria Superprof}},
  howpublished = {\url{https://www.superprof.mx/blog/utilidad-numeros-perfectos/}},
  note         = {[Online; accessed 25-October-2022]},
  title        = {Números perfectos: Qué son, cómo calcularlos y ejemplos},
  year         = {2022},
}