% Encoding: UTF-8

@Book{Algorithm,
  author    = {Thomas H. Cormen},
  publisher = {The MIT Press},
  title     = {Introduction to Algorithms},
  year      = {2009},
  address   = {London},
}


@Misc{Euclides,
  author       = {{Khan Academy}},
  howpublished = {\url{https://es.khanacademy.org/computing/computer-science/cryptography/modarithmetic/a/the-euclidean-algorithm}},
  note         = {[Online; accessed 06-September-2022]},
  title        = {El algoritmo de Euclides},
  year         = {2020},
}
